<?xml version="1.0" encoding="UTF-8"?><collection xmlns="http://www.loc.gov/MARC21/slim"><record><leader>00507nam--2200181-i-4500</leader><controlfield tag="001">000001193</controlfield><controlfield tag="002">20161230</controlfield><controlfield tag="005">20161230201024</controlfield><controlfield tag="008">060222s1000------------r-----000-0-eng-d</controlfield><datafield ind1=" " ind2=" " tag="040"><subfield code="a">IFIN-HH</subfield></datafield><datafield ind1=" " ind2=" " tag="080"><subfield code="a">539.1</subfield></datafield><datafield ind1="1" ind2=" " tag="100"><subfield code="a">Ulehla, Ivan</subfield></datafield><datafield ind1="1" ind2="0" tag="245"><subfield code="a">Optical model of the atomic nucleus</subfield><subfield code="c">Ivan ulehla, ladislav gomolcak, zdenek plutar</subfield></datafield><datafield ind1=" " ind2=" " tag="260"><subfield code="a">Prague</subfield><subfield code="b">Czechoslovak Academy Of Sciences</subfield><subfield code="c">1964</subfield></datafield><datafield ind1=" " ind2=" " tag="300"><subfield code="a">147 P</subfield></datafield><datafield ind1="1" ind2=" " tag="700"><subfield code="a">Plutar, Zdenek</subfield></datafield><datafield ind1=" " ind2=" " tag="852"><subfield code="a">22937</subfield><subfield code="c">539.14</subfield></datafield><datafield ind1=" " ind2=" " tag="CAT"><subfield code="a">Sys</subfield><subfield code="c">20120323</subfield><subfield code="h">132501</subfield></datafield></record></collection>